@article{lee2015internet,
  title={The Internet of Things (IoT): Applications, investments, and challenges for enterprises},
  author={Lee, In and Lee, Kyoochun},
  journal={Business horizons},
  volume={58},
  number={4},
  pages={431--440},
  year={2015},
  publisher={Elsevier}
}

@article{li2006state,
  title={State-of-the-art technologies and methodologies for collaborative product development systems},
  author={Li, WD and Qiu, ZM},
  journal={International journal of production research},
  volume={44},
  number={13},
  pages={2525--2559},
  year={2006},
  publisher={Taylor \& Francis}
}

@article{gonccalves2019controle,
  title={Controle de n{\'\i}vel de planta did{\'a}tica usando controlador l{\'o}gico program{\'a}vel.},
  journal={Curso Engenharia de Controle e Automação},
  publisher={Universidade Federal de Ouro Preto, MG},
  author={Gon{\c{c}}alves, Matheus Rocha},
  year={2019}
}

@article{tairaprototipagem,
  title={Prototipagem utilizando plataforma arduino para sistema de controle de n{\'\i}vel},
  journal={Departamento de Engenharia Química e Petróleo},
  publisher={Universidade Federal Fluminense, RJ},
  author={Taira, Daniel Passos and Siqueira, Felipe Macedo Freitas},
  year={2018},
}

@article{gadelha2020sistema,
  title={Sistema para monitoramento do n{\'\i}vel de {\'a}gua em recipientes de animais dom{\'e}sticos.},
  journal={Centro de Engenharia Elétrica e Informática},
  author={GADELHA, Thalys Menezes Cunha},
  year={2020},
  publisher={Universidade Federal de Campina Grande, PB}
}

@article{gurgel2021sistema,
  title={Sistema para Monitoramento Remoto de Reservatório de Água para Residência Unifamiliar},
  publisher={Universidade Federal Rural do Semi-Árido, RN},
  journal={Centro Multidisciplinar de Caraúbas},
  author={Gurgel Neto, Joel do Amaral},
  year={2021}
}

@article{santos2016internet,
  title={Internet das coisas: da teoria {\`a} pr{\'a}tica},
  author={Santos, Bruno P and Silva, Lucas A and Celes, CSFS and Borges, Jo{\~a}o B and Neto, Bruna S Peres and Vieira, Marcos Augusto M and Vieira, Luiz Filipe M and Goussevskaia, Olga N and Loureiro, A},
  journal={Minicursos SBRC-Simp{\'o}sio Brasileiro de Redes de Computadores e Sistemas Distribu{\i}dos},
  volume={31},
  pages={16},
  year={2016}
}

@misc{espressif,
  title={ESP32 series of modules},
  author={ESPRESSIF},
  howpublished={Dísponivel em https://www.espressif.com/en/products/modules/esp32 (acessado em 03/04/2023)},
  year={2023}
}

@misc{electro,
  title={HC-SR04 Datasheet},
  author={ELECTROSCHEMATICS},
  howpublished={Dísponivel em https://www.electroschematics.com/hc-sr04-datasheet/ (acessado em 03/04/2023)},
  year={2023}
}

@misc{usinainfo,
  title={Mini bomba de água submersa 2.5V a 6V JT100 1.5L/min},
  author={USINAINFO},
  howpublished={Disponível em https://www.usinainfo.com.br/bombinha-de-agua-e-ar/mini-bomba-de-agua-submersa-25-a-6v-jt100-15lmin-4927.html (acessado em 03/04/2023)},
  year={2023}
}

@misc{utmel,
  title={TIP41C TIP42C Datasheet},
  author={UTIMELEletronics},
  howpublished={Disponível em https://pdf.utmel.com/r/datasheets/stmicroelectronics-tip42c-datasheets-7208.pdf (acessado em 03/04/2023)},
  year={2007}
}

@misc{mqtt,
  title={MQTT version 5.0},
  author={MQTT and MQTT.ORG},
  howpublished={Disponível em https://docs.oasis-open.org/mqtt/mqtt/v5.0/mqtt-v5.0.html (acessado em 03/04/2023)},
  year={2023}
}

@misc{nodered,
  title={Low-code programming for event-driven applications},
  author={NODE-RED},
  howpublished={Disponível em https://nodered.org/ (acessado em 03/04/2023)},
  year={2023}
}

@misc{postgresql,
  title={PostgreSQL: The World's Most Advanced Open Source Relational Database},
  author={POSTGRESQL},
  howpublished={Disponível em https://www.postgresql.org/ (acessado em 03/04/2023)},
  year={2023}
}

@misc{aws,
  title={Amazon EC2 FAQs},
  author={AWS},
  howpublished={Disponível em https://aws.amazon.com/ec2/faqs/  (acessado em 03/04/2023)},
  year={2023}
}

@misc{ibm-lowcode,
    author={IBM},
    journal={IBM Topics},
    title={What is Low-Code?},
    howpublished={Disponível em https://www.ibm.com/topics/low-code (acessado em 25/11/2024)},
    year={2024}
}
